@book{DemtroederAtome,
  author        = "Demtr{\"o}der, Wolfgang",
  title         = "{Experimentalphysik 3: Atome, Molek{\"u}le und Festk{\"o}rper}",
  edition        = {5. Auflage},
  publisher     = "Springer",
  address       = "Berlin",
  year          = "2016",
}

@book{DemtroederKerne,
  author        = "Demtr{\"o}der, Wolfgang",
  title         = "{Experimentalphysik 4: Kern-, Teilchen- und Astrophysik}",
  edition        = {5. Auflage},
  publisher     = "Springer",
  address       = "Berlin",
  year          = "2017",
}

@book{DemtroederLaser1,
  author        = "Demtr{\"o}der, Wolfgang",
  title         = "{Laserspektroskopie 1: Grundlagen}",
  edition        = {6. Auflage},
  publisher     = "Springer",
  address       = "Berlin",
  year          = "2011",
}

@article{FMSpectro,
  author          = {G. C. Bjorklund and M. D. Levenson and W. Lenth and C. Ortiz},
  journal         = {Appl. Phys. B},
  number          = {145-152},
  title           = {Frequency Modulation (FM) Spectroscopy: Theory of Lineshapes and Signal-to-Noise Analysis},
  volume          = {32},
  year            = {1983}
}

@online{siPD,
  title = {Hochempfindliche Photodiode aus schwarzem Silizium},
  author = {Nicole Wörner},
  year = {2021},
  url = {https://www.elektroniknet.de/optoelektronik/hochempfindliche-photodiode-aus-schwarzem-silizium.182733.html#:~:text=Wie%20die%20PTB%20bestätigt%2C%20erhöht,Spektroskopie%2C%20Bildgebung%20und%20Biotechnologie%20revolutionieren.},
  urldate = {2023-04-28},
}

@misc{anleitung,
  author       = {Lothar Kador},
  howpublished = {unpublished},
  title        = {H\"ochstaufl\"osende {M}olek\"ulspektroskopie},
  year         = {2023},
  publisher    = {Universität Bayreuth Physikalisches Institut}
}