% Gro�schreibung im Titel ist durch {} zu Markieren!
%
% Der Eintrag bei "edition = " erscheint genau so wie er geschrieben wird (s. z.B. Khoo2007, Kopka2000 etc.).
%
% F�r einen vern�nftigen Eintrag im Literaturverzeichnis MUSS ein Autor ("author = ") angegeben werden.
% Notfalls muss einer erfunden werden (s. z.B. Agilent2006, Latex2011, etc.)
%
% Um Webseiten mit Hilfe von "url = " und "urldate = " zu zitieren, muss ausschlie�lich der
% Eintrag


% B�cher, Buchausschnitte und Proceedings

@book{DemtroederOptik,
  author        = "Demtr{\"o}der, Wolfgang",
  title         = "{Experimentalphysik 2: Elektrizit{\"a}t und Optik}",
  edition        = {6. Auflage},
  publisher     = "Springer",
  address       = "Berlin",
  year          = "2004",
}

@misc{halogenlamp,
  author = {ThorLabs},
  title = {Broadband Halogen Fiber Optic Illuminators},
  url = {https://www.thorlabs.com/newgrouppage9.cfm?objectgroup_id=884},
  urldate = {27.03.2023},
  year = {1999-2023}
}

@misc{deuteriumlamp,
  author = {ThorLabs},
  title = {Stabilized Deuterium UV Light Source},
  url = {https://www.thorlabs.com/newgrouppage9.cfm?objectgroup_id=11783},
  urldate = {27.03.2023},
  year = {1999-2023}
}

@article{Ruderer2009,
  author          = {M. A. Ruderer and E. Metwalli and W. Wang and G. Kaunedans S.V.Roth and P. M{\"u}ller-Buschbaum},
  title           = {Thin Films of Photoactive Polymer Blends},
  journal         = {ChemPhysChem},
  volume          = {10},
  year            = {2009},
  pages           = {664-671},
}

@online{MolCB,
  title = {Chlorbenzol},
  url = {https://www.chemie.de/lexikon/Chlorbenzol.html},
  urldate = {2023-04-13},
  author = {chemie.de},
  year = {2023}
}

@online{MolPS,
  title = {Polystyrol},
  url = {https://www.chemie.de/lexikon/Polystyrol.html},
  urldate = {2023-04-13},
  author = {chemie.de},
  year = {2023}
}

@online{rpminmin,
  title = {rpm (Einheit)},
  url = {https://www.cosmos-indirekt.de//Physik-Schule/Rpm_(Einheit)?utm_content=cmp-true},
  urldate = {2023-04-13},
  author = {cosmos-indirekt.de},
  year = {2023}
}

@online{psPers,
  title = {Polymere II: Polymerphysik (WS 1999/2000)},
  url = {https://www.research-collection.ethz.ch/bitstream/handle/20.500.11850/145961/eth-24895-01.pdf},
  urldate = {2023-04-18},
  author = {Hans Christian Öttinger and Markus Hütter and Peter Schurtenberger},
  year = {2000}
}