@book{Gerthsen,
  author    = {D. Meschede},
  title     = {Gerthsen Physik},
  publisher = {Springer-Verlag},
  edition   = {25.\ Auflage},
  year      = {2015},
  address   = {Berlin, Heidelberg}
}

@book{HBG,
  author    = {E. Hering and K. Bressler and J. Gutekunst},
  title     = {Elektronik f{\"u}r Ingenieure und Naturwissenschaftler},
  publisher = {Springer-Verlag},
  edition   = {7.\ Auflage},
  year      = {2017},
  address   = {Berlin, Heidelberg}
}

@book{Experimentalphysik3,
  author         = {W. Demtr{\"o}der},
  edition        = {5.\ Auflage},
  publisher      = {Springer-Verlag},
  title          = {Experimentalphysik 3: Atome, Mole{\"u}{\"u}le und Festk{\"o}rper},
  year           = {2016},
  address        = {Berlin, Heidelberg}
}

@book{Voigtlaender,
  author    = {B. Voigtl{\"a}nder},
  title     = {Scanning Probe Microscopy},
  publisher = {Springer-Verlag},
  edition   = {1.\ Auflage},
  year      = {2015},
  address   = {Berlin, Heidelberg}
}

@book{Krieger,
  author         = {H. Krieger},
  edition        = {6.\ Auflage},
  publisher      = {Springer-Verlag},
  title          = {Grundlagen der Strahlungsphysik und des Strahlenschutzes},
  year           = {2019},
  address        = {Berlin, Heidelberg}
}

@book{Kleber,
  author         = {W. Kleber and J. Bohm and D. Klimm and M. M{\"u}hlberg and B. Winkler},
  edition        = {20.\ Auflage},
  publisher      = {Walter de Gruyter},
  title          = {Einf{\"u}hrung in die Kristallographie},
  year           = {2021},
  address        = {Berlin, Boston}
}

@book{Schwarzenbach,
  author         = {D. Schwarzenbach},
  edition        = {1.\ Auflage},
  publisher      = {Springer-Verlag},
  title          = {Kristallographie},
  year           = {2001},
  address   = {Berlin, Heidelberg}
}

@book{EKS,
  author    = {E. J. Eichler and H.-D. Kronfeldt and J. Sahm},
  title     = {Das neue physikalische Grundpraktikum},
  publisher = {Springer-Verlag},
  edition   = {3.\ Auflage},
  year      = {2016},
  address   = {Berlin}
}

@book{Dierking2003,
  author    = {I. Dierking},
  title     = {Textures of Liquid Crystals},
  publisher = {Wiley-VCH Verlag},
  year      = {2003},
  address   = {Weinheim},
  chapter   = {5},
  pages     = {54-74}
}


% Artikel in Fachzeitschriften

@article{Ahlers1986,
  author    = {G. Ahlers and I. Rehberg},
  title     = {Convection in a Binary Mixture Heated from Below},
  journal   = {Phys. Rev. Lett.},
  volume    = {56},
  number    = {13},
  pages     = {1373--1376},
  year      = {1986}
}

@article{Schmidt2012,
  author          = {I. Alexeev and U. Quentin and K.-H. Leitz and M. Schmidt},
  journal         = {European Journal of Physics},
  number          = {2},
  title           = {Optical trap kits: issues to be aware of},
  volume          = {33},
  pages           = {427-437},
  year            = {2012}
}

@article{Kollmannsberger,
  author          = {Philip Kollmannsberger and Ben Fabry},
  journal         = {Annual Review of Materials Research},
  number          = {1},
  title           = {Linear and Nonlinear Rheology of Living Cells},
  volume          = {41},
  pages           = {75-97},
  year            = {2011}
}

@article{Baeumchen,
  author          = {Matilda Backholm and Oliver B{\"a}umchen},
  journal         = {Nature Protocols},
  number          = {2},
  title           = {Micropitette force sensors for in vivo force measurements on single cells and multicellular mircoorganisms},
  volume          = {14},
  pages           = {594-615},
  year            = {2019}
}

@article{Baeumchen2,
  author          = {Christian Titus Kreis and Marine Le Blay and Christine Linne and Marcin Michal Makowski and Oliver B{\"a}umchen},
  journal         = {Nature Physics},
  number          = {1},
  title           = {Adhesion of chlamy- domonas microalgae to surfaces is switchable by light},
  volume          = {14},
  pages           = {45-49},
  year            = {2018}
}

@article{Baeumchen3,
  author          = {Christian Titus Kreis and Alice Grangier and Oliver B{\"a}umchen},
  journal         = {Soft Matter},
  number          = {14},
  title           = {In vivo adhesion force measurements of chlamy- domonas on model substrates},
  volume          = {15},
  pages           = {3027-3035},
  year            = {2019}
}

@article{Baeumchen4,
  author          = {Thomas J. B{\"o}ddeker and Stefan Karpitschka and Christian Titus Kreis and Quentin Magdalaine and Oliver B{\"a}umchen},
  journal         = {Journal of the Royal Society Interface},
  number          = {162},
  title           = {Dynamic force measurements on swimming Chlamydomanas cells using micropipette force sensors},
  volume          = {17},
  pages           = {20190580},
  year            = {2020}
}
% Bachelor- Master, Diplom- und Doktorarbeiten

@phdthesis{Lafuente2005,
  author    = {{\'O}. Lafuente},
  title     = {Thermoreversible {G}ele von isotropen und anisotropen {F}l{\"u}ssigkeiten mit chiralen {O}rganogelatoren},
  year      = {2005},
  type      = {Doktorarbeit},
  school    = {Universit{\"a}t Bayreuth}
}

@mastersthesis{Kramer2010,
  author    = {C. Kramer},
  title     = {Das magnetische Moment},
  year      = {2010},
  type      = {Bachelorarbeit},
  school    = {Universit{\"a}t Bayreuth}
}

% Handbcher, sonstige Anleitungen

@manual{Agilent2006,
  author    = {Agilent},
  title     = {{B}enutzerhandbuch {A}gilent 34410{A}/11{A}, Multimeter mit 6$\nicefrac{1}{2}$ Stellen},
  organizaton = {Agilent Technologies},
  edition   = {3.\ Auflage},
  month     = {April},
  year      = {2006}
 }


% Webseiten, persnliche Mitteilungen, Nichtverffentlichtes und wenn nichts anderes passt

@misc{Rehberg2011,
  author    = {I. Rehberg},
  month     = {August},
  year      = {2011},
  note      = {pers{\"o}nliche Mitteilung}
}

@misc{Texnic2011,
  author       = {TeXnicCenter},
  title        = {{TeXnicCenter} --- the {C}enter of your {\LaTeX}\ {U}niverse},
  year         = {2011},
  url          = {http://www.texniccenter.org/},
  urldate      = {15.11.2011}
}

@unpublished{Mueller2011,
  author    = {T. M{\"u}ller and A. Phlmann and S. Messlinger},
  title     = {Normalizing radial distribution functions on truncated regions},
  month     = {Mai},
  year      = {2011},
  note      = {internes Dokument, Experimentalphysik V, Universit{\"a}t Bayreuth}
}
  
@misc{Anleitung,
  author      = {Versuchsanleitung},
  title       = {Laser},
  year        = {2015},
  month       = {Juni},
  note        = {internes Dokument, Universit{\"a}t Bayreuth}
}

@misc{HOPG,
  url          = {http://nanoprobes.aist-nt.com/apps/HOPG%20info.htm},
  author        = {HOPG},
  urldate      = {31.03.2023},
  title       = {HOPG},
  year = {2023}
}

@misc{emspektrum,
  author       = {Horst Frank},
  url          = {https://commons.wikimedia.org/w/index.php?curid=556405},
  urldate      = {04.04.2023},
  title        = {Electromagnetic Wave Spectrum},
  year         = {2005}
}

@misc{emissionsspektrum,
  author       = {Peter Schaaf and J{\"o}rn Grosse-Knetter},
  url          = {https://lp.uni-goettingen.de/get/text/4385},
  urldate      = {04.04.2023},
  title        = {R{\"o}ntgenstrahlung},
  note         = {Universit{\"a}t G{\"o}ttingen},
  year         = {2009}
}

@misc{UniFreiburg,
  author       = {Caroline R{\"o}hr},
  title        = {Methoden der Anorganischen Chemie},
  year         = {2023},
  url          = {http://ruby.chemie.uni-freiburg.de/Vorlesung/methoden_0.xhtml},
  urldate      = {12.04.2023},
}

@misc{Wiki-Mammalian-Cell,
  author       = {Wikimedia-Commons},
  title        = {Biological Cell},
  year         = {2006},
  url          = {https://commons.wikimedia.org/wiki/File:Biological_cell.svg},
  urldate      = {17.04.2023}
}

@misc{Glycerol,
  author       = {Internetchemie},
  url = {https://www.internetchemie.info/chemie-lexikon/stoffe/g/glycerol.php},
  urldate      = {18.04.2023},
  title        = {Datenblatt: Glycerol},
  year         = {2018}
}

@misc{Hysterese,
  author       = {Helmut F{\"o}ll},
  url = {https://www.tf.uni-kiel.de/matwis/amat/elmat_en/index.html},
  title        = {Electronic Materials},
  year         = {2019},
  urldate      = {18.04.2023}
}

% This file was created with Citavi 6.14.4.0

@book{Bohm.2021,
  author    = {Bohm, J. and Klimm, D. and Mühlberg, M. and Winkler, B.},
  title     = {Einführung in die Kristallographie},
  publisher = {De Gruyter},
  edition   = {20., erweiterte Auflage},
  year      = {2021},
  address   = {Berlin/Boston},
  doi       = {10.1515/9783110460247}
}

@book{Schwarzenbach.2001,
  author    = {Schwarzenbach, D.},
  title     = {Kristallographie},
  publisher = {Springer-Verlag},
  year      = {2001},
  address   = {Berlin/Heidelberg/New York},
}

@article{Lewis.1997,
 author = {Lewis, R.},
 year = {1997},
 title = {Medical applications of synchrotron radiation x-rays},
 pages = {1213--1243},
 volume = {42},
 journal = {Physics in Medicine and Biology},
 doi = {10.1088/0031-9155/42/7/001}
}

@article{Kossel.1920,
 author = {Kossel, W.},
 year = {1920},
 title = {Zum Bau der Röntgenspektren},
 pages = {119--134},
 volume = {1},
 journal = {Zeitschrift der Physik},
 doi = {10.1007/BF01881031}
}

@book{Demtroeder.2016,
  author    = {Demtröder, W.},
  title     = {Experimentalphysik 3: Atome, Moleküle, Festkörper},
  publisher = {Springer Spektrum},
  edition   = {5., neu bearbeitete und aktualisierte Auflage},
  year      = {2016},
  address   = {Berlin/Heidelberg},
}

@book{Allmann.2003,
  author    = {Allmann, R.},
  title     = {Röntgen-Pulverdiffraktometrie. Rechnergestützte Auswertung, Phasenanalyse und Strukturbestimmung.},
  publisher = {Springer-Verlag},
  edition   = {2., korrigierte und erweiterte Auflage},
  year      = {2003},
  address   = {Berlin/Heidelberg},
}

@misc{Toreki2020,
  author       = {Toreki, R.},
  title = {Structure World. The Sodium Chloride Structure.},
  howpublished = {http://www.ilpi.com/inorganic/structures/nacl/index.html},
  note = {Accessed: 2023-06-02}
}

@book{Aroyo2016,
  author    = {Aroyo, M. I.},
  title     = {International Tables for cristallography. Volume A.},
  publisher = {Wiley},
  edition   = {Sixth edition},
  year      = {2016},
  address   = {Weinheim an der Bergstraße}
}

@book{Hanchar2003,
  author    = {Hanchar, J. M. and Hoskin, P. W. O.},
  title     = {Reviews in Mineralogy and Geochemistry. Volume 53. Zircon.},
  publisher = {De Gruyter},
  year      = {2003},
  address   = {Berlin/Boston},
  doi       = {10.1515/9781501509322}
}

@misc{SlideService2014,
  author    = {Slide Service},
  title     = {X-ray tube},
  howpublished = {\url{https://www.slideserve.com/mairi/x-ray-tube-diagram}},
  note      = {Accessed: 2023-06-11}
}

@misc{XRayDatabase,
author = {National Institute of Standards and Technology},
title = {X-ray transition database},
howpublished = {\url{https://physics.nist.gov/cgi-bin/XrayTrans/search.pl?element=All&trans=All&lower=0.5&upper=0.65&units=A}},
note  = {Accessed: 2023-08-01}
}