% Groﬂschreibung im Titel ist durch {} zu Markieren!
%
@article{Anwendung,
  author          = {Benedikt, B{\"a}uerle},
  journal         = {bulletin.ch},
  title           = {Die {B}r{\"u}cke zwischen {E}lektronik und {O}ptik},
  year            = {2021},
  url             = {https://www.bulletin.ch/de/news-detail/die-bruecke-zwischen-elektronik-und-optik-2963.html}
}

@unpublished{Anleitung,
  author       = {{Experimentalphysik III}},
  title        = {Versuch {N}anoplasmonik: {D}unkelfeldspektroskopie von plasmonischen {N}anorods},
  year         = {2023}
}

@online{WikiDunkelfeld,
  author = {Wikipedia},
  year = {2023},
  urldate = {25.07.2023},
  title = {Dunkelfeldmikroskopie},
  url = {https://de.wikipedia.org/w/index.php?title=Dunkelfeldmikroskopie&oldid=235292390}
}