% Großschreibung im Titel ist durch {} zu Markieren!
%
% Der Eintrag bei "edition = " erscheint genau so wie er geschrieben wird (s. z.B. Khoo2007, Kopka2000 etc.).
%
% Für einen vernünftigen Eintrag im Literaturverzeichnis MUSS ein Autor ("author = ") angegeben werden.
% Notfalls muss einer erfunden werden (s. z.B. Agilent2006, Latex2011, etc.)
%
% Um Webseiten mit Hilfe von "url = " und "urldate = " zu zitieren, muss ausschließlich der
% Eintrag


% Bücher, Buchausschnitte und Proceedings

@book{DemtroederOptik,
  author        = "Demtr{\"o}der, Wolfgang",
  title         = "{Experimentalphysik 2: Elektrizit{\"a}t und Optik}",
  edition        = {6. Auflage},
  publisher     = "Springer",
  address       = "Berlin",
  year          = "2004",
}

@misc{halogenlamp,
  author = {ThorLabs},
  title = {Broadband Halogen Fiber Optic Illuminators},
  url = {https://www.thorlabs.com/newgrouppage9.cfm?objectgroup_id=884},
  urldate = {27.03.2023},
  year = {1999-2023}
}

@misc{deuteriumlamp,
  author = {ThorLabs},
  title = {Stabilized Deuterium UV Light Source},
  url = {https://www.thorlabs.com/newgrouppage9.cfm?objectgroup_id=11783},
  urldate = {27.03.2023},
  year = {1999-2023}
}